@online{Lee_2023,
author={Lee, Jake},
title={How to install LaTeX (with previews \& autocomplete) for VSCode on Windows},
url={https://blog.jakelee.co.uk/getting-latex-working-in-vscode-on-windows/},
year={2023},
month={10},
urldate={2024-02-19}
}

@online{The_LaTeX_Project_get,
author={The LaTeX Project Team},
title={Getting LaTeX},
url={https://www.latex-project.org/get/},
urldate={2024-02-19}
}